@InProceedings{ ,
author = {Sung Jun Son and Youngmi Kwon },
title = {Performance of ELK Stack and Commercial System
in Security Log Analysis},
}


